@inproceedings{Dave:2003:MPG:775152.775226,
 author = {Dave, Kushal and Lawrence, Steve and Pennock, David M.},
 title = {Mining the Peanut Gallery: Opinion Extraction and Semantic Classification of Product Reviews},
 booktitle = {Proceedings of the 12th International Conference on World Wide Web},
 series = {WWW '03},
 year = {2003},
 isbn = {1-58113-680-3},
 location = {Budapest, Hungary},
 pages = {519--528},
 numpages = {10},
 url = {http://doi.acm.org/10.1145/775152.775226},
 doi = {10.1145/775152.775226},
 acmid = {775226},
 publisher = {ACM},
 address = {New York, NY, USA},
 keywords = {document classification, opinion mining},
}

@inproceedings{Pang:2002:TUS:1118693.1118704,
 author = {Pang, Bo and Lee, Lillian and Vaithyanathan, Shivakumar},
 title = {Thumbs Up?: Sentiment Classification Using Machine Learning Techniques},
 booktitle = {Proceedings of the ACL-02 Conference on Empirical Methods in Natural Language Processing - Volume 10},
 series = {EMNLP '02},
 year = {2002},
 pages = {79--86},
 numpages = {8},
 url = {http://dx.doi.org/10.3115/1118693.1118704},
 doi = {10.3115/1118693.1118704},
 acmid = {1118704},
 publisher = {Association for Computational Linguistics},
 address = {Stroudsburg, PA, USA},
}

@inproceedings{Turney:2002:TUT:1073083.1073153,
 author = {Turney, Peter D.},
 title = {Thumbs Up or Thumbs Down?: Semantic Orientation Applied to Unsupervised Classification of Reviews},
 booktitle = {Proceedings of the 40th Annual Meeting on Association for Computational Linguistics},
 series = {ACL '02},
 year = {2002},
 location = {Philadelphia, Pennsylvania},
 pages = {417--424},
 numpages = {8},
 url = {http://dx.doi.org/10.3115/1073083.1073153},
 doi = {10.3115/1073083.1073153},
 acmid = {1073153},
 publisher = {Association for Computational Linguistics},
 address = {Stroudsburg, PA, USA},
}
